<?xml version="1.0" encoding="UTF-8"?><record xmlns="http://www.loc.gov/MARC21/slim" xmlns:cinclude="http://apache.org/cocoon/include/1.0" xmlns:zs="http://www.loc.gov/zing/srw/">
  <leader>00378cz  a2200133n  4500</leader>
  <controlfield tag="001">nb2011012231</controlfield>
  <controlfield tag="003">DLC</controlfield>
  <controlfield tag="005">20110609075052.0</controlfield>
  <controlfield tag="008">110511n| acannaabn          |n aaa      </controlfield>
  <datafield tag="010" ind1=" " ind2=" ">
    <subfield code="a">nb2011012231</subfield>
    <subfield code="z">no2011072563</subfield>
  </datafield>
  <datafield tag="035" ind1=" " ind2=" ">
    <subfield code="a">(Uk)008136753</subfield>
  </datafield>
  <datafield tag="040" ind1=" " ind2=" ">
    <subfield code="a">Uk</subfield>
    <subfield code="b">eng</subfield>
    <subfield code="c">Uk</subfield>
    <subfield code="d">DLC</subfield>
  </datafield>
  <datafield tag="100" ind1="1" ind2=" ">
    <subfield code="a">Ullrich, Christina</subfield>
  </datafield>
  <datafield tag="670" ind1=" " ind2=" ">
    <subfield code="a">"Ich fuĚhl' mich nicht als MoĚrder", c2011:</subfield>
    <subfield code="b">t.p. (Christina Ullrich)</subfield>
  </datafield>
</record>